# $Id: references.bib 1789 2010-09-28 16:30:23Z jabriffa $

# This file contains bibliography entries in BibTeX format. Examples are
# provided of the more common entry types.



@ARTICLE{Amland,
   AUTHOR   = "St√•le Amland",
   TITLE = "Risk-based testing:: Risk analysis fundamentals and metrics for software testing including a financial application case study",
   JOURNAL  = "Journal of Systems and Software",
   YEAR  = 2000,
   MONTH = sept,
   VOLUME   = 53,
   NUMBER   = 3,
   }
   
@phdthesis{fielding,
  author       = {Roy Fielding}, 
  title        = {Architectural Styles and
the Design of Network-based Software Architectures},
  school       = {University of California, Irvine},
  year         = 2000,
}

@techreport{xmlrpc,
      title       = "XML-RPC Specification",
      author      = "Dave Winer",
      institution = "Microsoft",
      year        = 1998,
}
    
@techreport{soap1.2,
    title       = "SOAP Version 1.2",
    institution = "W3C",
    year        = 2003,
    month       = "December",
}